@online{
	thrustmaster,
	title="Thrustmaster T-16000M Flight Stick",
    url="https://www.amazon.com/Hercules-2960706-Thrustmaster-T-16000M-Flight/dp/B001S0RTU0"
}

@online{
	evo,
	title="Saitek Cyborg Evo Joystick",
    url="https://www.amazon.com/Saitek-102989-Cyborg-Evo-Joystick/dp/B0000AW9P1"
}

@online{
	x52,
	title="Logitech G Saitek X52 Flight Control System",
    url="https://www.amazon.com/Logitech-Saitek-Flight-Control-System/dp/B01LY285ZH/ref=pd_day0_147_4?_encoding=UTF8&psc=1\refRID=050PFE0S4QS28T91V2J7"
}

%\\
%\\
%