@online{
	urc_competition_rules,
	title="University Rover Challenge Rules 2018",
    url="http://urc.marssociety.org/files/University%20Rover%20Challenge%20Rules%202018.pdf"
}