@book{understanding,
author = "Cesati, Marco and Bovet, Daniel P.",
title = "Understanding the Linux Kernel",
publisher = "O'Reilly Media, Inc.",
year = "2002",
edition = "2nd",
}

@misc{rossupport,
author 	  = "ROS Wiki",
title  	  = "Introduction",
publisher = "ROS",
howpublished = \url{http://wiki.ros.org/ROS/Introduction},
}

@misc{macunix,
author 	  = "The Open Group",
title  	  = "The Open Group official register of UNIX Certified Products",
publisher = "The Open Group",
howpublished = \url{https://www.opengroup.org/openbrand/register/},
}

@misc{cfq,
author 	  = "Linux Foundation",
title  	  = "CFQ",
publisher = "Linux Foundation",
howpublished = \url{https://www.kernel.org/doc/Documentation/block/cfq-iosched.txt},
}

@misc{bsdelv,
author		= "freebsd.org",
title		= "Pluggable disk scheduler for FreeBSD",
publiser	= "FreeBSD.org",
howpublished =url{https://wiki.freebsd.org/Hybrid}
}

@book{windowsint,
author = "Mark Russinovich, David Solomon, Alex Ionescu",
title = "Windows Internals",
publisher = "Microsoft Press",
year = "2012",
edition = "6th",
}